<record><leader>00000cas a2200000 a 4500</leader><controlfield tag="001">12402325</controlfield><controlfield tag="008">850820d18851887ksuwr ne      0    0eng d</controlfield><datafield ind1=" " ind2=" " tag="010"><subfield code="a">sn 85029557 </subfield></datafield><datafield ind1=" " ind2=" " tag="040"><subfield code="a">KSH</subfield><subfield code="b">eng</subfield><subfield code="c">KSH</subfield><subfield code="d">NPT</subfield><subfield code="d">OCL</subfield><subfield code="d">OCLCQ</subfield></datafield><datafield ind1=" " ind2=" " tag="042"><subfield code="a">msc</subfield></datafield><datafield ind1="0" ind2="0" tag="245"><subfield code="a">Republic County pilot.</subfield></datafield><datafield ind1=" " ind2=" " tag="260"><subfield code="a">Cuba, Kan. :</subfield><subfield code="b">W.S. Elliott,</subfield><subfield code="c">1885-1887.</subfield></datafield><datafield ind1=" " ind2=" " tag="300"><subfield code="a">3 v. ;</subfield><subfield code="c">58 cm.</subfield></datafield><datafield ind1=" " ind2=" " tag="310"><subfield code="a">Weekly</subfield></datafield><datafield ind1="0" ind2=" " tag="362"><subfield code="a">Vol. 1, no. 1 (Mar. 26, 1885)-v. 3, no. 8 (May 26, 1887).</subfield></datafield><datafield ind1=" " ind2=" " tag="500"><subfield code="a">Published by J.J. Shimek, May 5, 1887; John D. Bennett, May 12-26, 1887.</subfield></datafield><datafield ind1=" " ind2=" " tag="500"><subfield code="a">"Republican."</subfield></datafield><datafield ind1=" " ind2=" " tag="752"><subfield code="a">United States</subfield><subfield code="b">Kansas</subfield><subfield code="c">Republic</subfield><subfield code="d">Cuba.</subfield></datafield><datafield ind1="0" ind2="0" tag="785"><subfield code="t">Cuba pilot</subfield><subfield code="w">(DLC)sn 85029626</subfield></datafield><datafield ind1="1" ind2=" " tag="029"><subfield code="a">AU@</subfield><subfield code="b">000022171801</subfield></datafield></record>